@article{SHSA17,
  author  = {David Silver and Thomas Hubert and Julian Schrittwieser and Ioannis Antonoglou and Matthew Lai and Arthur Guez and Marc Lanctot and Laurent Sifre and Dharshan Kumaran and Thore Graepel and Timothy Lillicrap and Karen Simonyan and Demis Hassabis},
  title   = {Mastering {Chess} and {Shogi} by Self-Play with a General Reinforcement Learning Algorithm},
  journal = {arXiv},
  year    = 2017,
  volume  = {1712.01815}
}


@article{Mats21,
  author  = {Kiminori Matsuzaki},
  title   = {Developing Value Networks for Game 2048 with Reinforcement Learning},
  journal = {Journal of Information Processing},
  year    = 2021,
  volume  = 29,
  pages   = {333--346}
}


@inproceedings{ASOH22,
  author    = {Ioannis Antonoglou and Julian Schrittwieser and Sherjil Ozair and Thomas K Hubert and David Silver},
  title     = {Planning in Stochastic Environments with a Learned Model},
  booktitle = {International Conference on Learning Representations},
  year      = 2022
}


@article{GuCW22,
  author  = {Hung Guei and Lung-Pin Chen and I-Chen Wu},
  title   = {Optimistic Temporal Difference Learning for 2048},
  journal = {IEEE Transactions on Games},
  year    = 2022,
  volume  = 14,
  number  = 3,
  pages   = {478--487}
}


@inproceedings{Mats17,
  author    = {K. Matsuzaki},
  title     = {Developing 2048 Player with Backward Temporal Coherence Learning and Restart},
  booktitle = {Proceedings of Fifteenth International Conference
               on Advances in Computer Games (ACG2017)},
  year      = 2017,
  pages     = {176--187}
}


@inproceedings{SzJa14,
  author    = {M. Szubert and W. Ja\'{s}kowski},
  title     = {Temporal Difference Learning of {N}-Tuple Networks for the Game 2048},
  booktitle = {2014 IEEE Conference on Computational Intelligence and Games},
  year      = 2014,
  pages     = {1--8}
}


@article{YWHC16,
  author  = {K.-H. Yeh and I-C. Wu and C.-H. Hsueh and C.-C. Chang and C.-C. Liang and H. Chiang},
  title   = {Multi-stage temporal difference learning for 2048-like games},
  journal = {IEEE Transactions on Computational Intelligence and AI in Games},
  year    = 2016,
  volume  = 9,
  number  = 4,
  pages   = {369--380}
}


@misc{2048,
  author       = {G. Cirulli},
  title        = 2048,
  howpublished = {\url{http://gabrielecirulli.github.io/2048/}},
  year         = 2014
}


@inproceedings{KHIM17,
  author    = {Azuki Kirii and Yuichi Hara and Harukazu Igarashi and Yuichi Morioka and Kazumasa Yamamoto},
  title     = {Stochastic Selective Search Applied to {Shogi} (in {Japanese}},
  booktitle = {Proceedings of the 22nd Game Programming Workshop 2017},
  year      = 2017,
  pages     = {26--33}
}


@inproceedings{IgMY18,
  author    = {五十嵐 治一 and 森岡 祐一 and 山本 一将},
  title     = {MC Softmax 探索における局面評価関数の学習},
  booktitle = {ゲームプログラミングワークショップ2018論文集},
  year      = 2018,
  pages     = {212--219}
}


@article{Jask18,
  author  = {W. J\'{a}skowski},
  title   = {Mastering 2048 with delayed temporal coherence learning, multi-stage weight promotion, redundant encoding and carousel shaping},
  journal = {IEEE Transactions on Computational Intelligence and AI in Games},
  year    = 2018,
  volume  = 10,
  number  = 1,
  pages   = {3--14}
}


@article{Rosi11,
  author  = {Christopher D. Rosin},
  title   = {Multi-armed bandits with episode context},
  journal = {Annals of Mathematics and Artificial Intelligence},
  year    = 2011,
  volume  = 61,
  number  = 3,
  pages   = {203--230}
}


@article{Hass10,
  author  = {H. van Hasselt},
  title   = {Double Q-learning},
  journal = {Advances in Neural Information Processing Systems},
  year    = 2010,
  volume  = 23,
  pages   = {2613--2621}
}


@inproceedings{WaMa22,
  author    = {Shota Watanabe and Kiminori Matsuzaki},
  title     = {Enhancement of CNN-based 2048 Player with Monte-Carlo Tree Search},
  booktitle = {2022 International Conference on Technologies and Applications of Artificial Intelligence (TAAI 2022)},
  year      = 2022,
  pages     = {48--53}
}


@inproceedings{WaMa22GPW,
  author    = {渡邊 翔太 and 松崎 公紀},
  title     = {2048へのMC Softmax探索の適用},
  booktitle = {ゲームプログラミングワークショップ2022論文集},
  year      = 2022,
  pages     = {255--260}
}


@inproceedings{WeMa22,
  author    = {Weikai Wang and Kiminori Matsuzaki},
  title     = {Improving {DNN}-based 2048 Players with Global Embedding},
  booktitle = {2022 IEEE Conference on Games (CoG2022)},
  year      = 2022,
  pages     = {628--631}
}


@inproceedings{YaKa21,
  author    = {山下 修平 and 金子 知適},
  title     = {2048 への方策勾配法の適用},
  booktitle = {ゲームプログラミングワークショップ2021論文集},
  year      = 2021,
  pages     = {179--185}
}


@inproceedings{HaGS16,
  author    = {Hado van Hasselt and Arthur Guez and David Silver},
  title     = {Deep reinforcement learning with double Q-Learning},
  booktitle = {AAAI'16: Proceedings of the Thirtieth AAAI Conference on Artificial Intelligence},
  year      = 2016,
  pages     = {2094--2100}
}


@article{Ball83,
  author  = {Bruce W. Ballard},
  title   = {The *-minimax search procedure for trees containing chance nodes},
  journal = {Artificial Intelligence},
  year    = 1983,
  volume  = 21,
  number  = 3,
  pages   = {327--350}
}


@inproceedings{TeKM23,
  author    = {Shunsuke Terauchi and Takaharu Kubota and Kiminori Matsuzaki},
  title     = {Using Strongly Solved {Mini2048} to Analyze Players with {N-tuple} Networks},
  booktitle = {2023 International Conference on Technologies and Applications of Artificial Intelligence (TAAI 2023)},
  year      = 2023
}


@inproceedings{TeMa24,
  author    = {Shunsuke Terauchi and Kiminori Matsuzaki},
  title     = {Analysis of "N-tuple Network + Expectimax Search" Players Using Strongly-solved Mini2048},
  booktitle = {Proceedings of the 65th Programming Symposium},
  year      = 2024,
  pages     = {83--90},
  note      = {In Japanese.}
}


@inproceedings{YaKN22,
  author    = {Shuhei Yamashita and Tomoyuki Kaneko and Taichi Nakayashiki},
  title     = {Strongly Solving 2048 on 3 × 3 Board and Performance Evaluation of Reinforcement Learning Agents},
  booktitle = {27th Game Programming Workshop (GPW-22)},
  year      = 2022,
  pages     = {1--8},
  note      = {in Japanese}
}


@article{Tesa95,
  author    = {Gerald Tesauro},
  title     = {Temporal Difference Learning and TD-Gammon},
  journal   = {Commun. {ACM}},
  volume    = {38},
  number    = {3},
  pages     = {58--68},
  year      = {1995},
  url       = {https://doi.org/10.1145/203330.203343},
  doi       = {10.1145/203330.203343},
  timestamp = {Wed, 14 Nov 2018 10:22:34 +0100},
  biburl    = {https://dblp.org/rec/journals/cacm/Tesauro95.bib},
  bibsource = {dblp computer science bibliography, https://dblp.org}
}


@inproceedings{MKSG13,
  author    = {Volodymyr Mnih and Koray Kavukcuoglu and David Silver and Alex Graves and Ioannis Antonoglou and Daan Wierstra and Martin Riedmiller},
  title     = {Playing {Atari} With Deep Reinforcement Learning},
  booktitle = {NIPS Deep Learning Workshop},
  year      = 2013
}


@inproceedings{YaKa23,
  author    = {Shuhei Yamashita and Tomoyuki Kaneko},
  title     = {Strongly Solving 2048 on 4 × 3 Board},
  booktitle = {Proceedings of the Game Programming Workshop 2023},
  year      = 2023,
  pages     = {1--5},
  note      = {In Japanese.}
}


@inproceedings{KGWW22,
  author    = {Chih-Yu Kao and Hung Guei and Ti-Rong Wu and I-Chen Wu},
  title     = {Gumbel MuZero for the Game of 2048},
  booktitle = {International Conference on Technologies and Applications of Artificial Intelligence (TAAI 2022)},
  year      = 2022,
  pages     = {42--47}
}


@book{SuBa18,
  author    = {Richard S. Sutton and Andrew G. Barto},
  title     = {Reinforcement Learning: An Introduction},
  publisher = {{MIT} Press},
  year      = 2018,
  series    = {Adaptive Computation and Machine Learning},
  edition   = {2nd edition}
}


@inproceedings{YaKN22J,
  author    = {山下 修平 and 金子 知適 and 中屋敷 太一},
  title     = {3 × 3盤面の2048の完全解析と強化学習の研究},
  booktitle = {第27回ゲームプログラミングワークショップ (GPW-22)},
  year      = 2022,
  pages     = {1--8}
}


@inproceedings{Terauchi24,
  author    = {寺内 俊輔 and 松崎 公紀},
  title     = {ミニ2048の完全解析を用いたNタプルネットワーク+Expectimax探索プレイヤの分析},
  booktitle = {情報処理学会プログラミング・シンポジウム予稿集  (プログラミング・シンポジウム予稿集) },
  year      = 2024,
  pages     = {83--90}
}

@inproceedings{Terauchi25,
  author    = {寺内 俊輔 and 松崎 公紀},
  title     = {ミニ2048の完全解析を用いたNタプルネットワーク+モンテカルロ木探索プレイヤの分析},
  booktitle = {情報処理学会プログラミング・シンポジウム予稿集  (プログラミング・シンポジウム予稿集) },
  year      = 2025
}

@inproceedings{OkMa16b,
  author    = {K. Oka and K. Matsuzaki},
  title     = {Systematic Selection of {N}-tuple Networks for 2048},
  booktitle = {Proceedings of 9th International Conference on Computers and Games (CG2016)},
  year      = 2016,
  pages     = {81--92},
  publisher = {Springer},
  volume    = {LNCS 10068}
}


@inproceedings{RoLe14,
  author    = {P. Rodgers and J. Levine},
  title     = {An Investigation into 2048 {AI} Strategies},
  booktitle = {2014 IEEE Conference on Computational Intelligence and Games},
  year      = 2014,
  pages     = {1--2}
}


@inproceedings{WYLC14,
  author    = {I-C. Wu and K.-H. Yeh and C.-C. Liang and C.-C. Chang and H. Chiang},
  title     = {Multi-Stage Temporal Difference Learning for 2048},
  booktitle = {Technologies and Applications of Artificial Intelligence},
  year      = 2014,
  volume    = 8916,
  series    = {Lecture Notes in Computer Science},
  pages     = {366--378}
}


@misc{nneonneo,
  author       = {R. Xiao},
  title        = {nneonneo/2048-ai},
  howpublished = {\url{https://github.com/nneonneo/2048-ai}},
  year         = 2015
}


@misc{Zaky14,
  author       = {A. Zaky},
  title        = {Minimax and Expectimax Algorithm to Solve 2048},
  howpublished = {\url{http://informatika.stei.itb.ac.id/~rinaldi.munir/Stmik/2013-2014-genap/Makalah2014/MakalahIF2211-2014-037.pdf}},
  year         = 2014
}


@article{LaUn15,
  author  = {S. Langerman and Y. Uno},
  title   = {{Threes}!, {Fives}, 1024!, and 2048 are Hard},
  journal = {CoRR},
  year    = 2015,
  volume  = {abs/1505.04274}
}


@article{AbAD15,
  author  = {A. Abdelkader and A. Acharya and P. Dasler},
  title   = {On the Complexity of Slide-and-Merge Games},
  journal = {CoRR},
  year    = 2015,
  volume  = {abs/1501.03837}
}


@misc{2048tournament2014,
  author       = {K.-H. Yeh and C.-C. Liang and K.-C. Wu and I-C. Wu},
  title        = {2048-Bot Tournament in {Taiwan}},
  howpublished = {\url{https://icga.leidenuniv.nl/wp-content/uploads/2015/04/2048-bot-tournament-report-1104.pdf}},
  year         = 2014
}


@misc{CECT15,
  author       = {T. Chabin and M. Elouafi and P. Carvalho and A. Tonda},
  title        = {Using Linear Genetic Programming to Evolve a Controller for the game 2048},
  howpublished = {\url{http://www.cs.put.poznan.pl/wjaskowski/pub/2015-GECCO-2048-Competition/Treecko.pdf}},
  year         = 2015
}


@misc{2048competitionGECCO2015,
  author       = {W. Ja\'{s}kowski and M. Szubert},
  title        = {Game 2048 {AI} Controller Competition \@ {GECCO} 2015},
  howpublished = {\url{http://www.cs.put.poznan.pl/wjaskowski/pub/2015-GECCO-2048-Competition/GECCO-2015-2048-Competition-Results.pdf}},
  year         = 2015
}


@inproceedings{Mats16,
  author    = {K. Matsuzaki},
  title     = {Systematic Selection of N-tuple Networks with Consideration of Interinfluence for Game 2048},
  booktitle = {Proceedings of the 2016 Conference on Technologies and Applications of Artificial Intelligence (TAAI 2016)},
  year      = 2016
}


@inproceedings{GWHW16,
  author    = {Hong Guei and T. Wei and J.-B. Huang and I-C. Wu},
  title     = {An Early Attempt at Applying Deep Reinforcement Learning to the Game 2048},
  booktitle = {Workshop on Neural Networks in Games},
  year      = 2016
}


@article{Jask17,
  author  = {W. Ja\'{s}kowski},
  title   = {Mastering 2048 with Delayed Temporal Coherence Learning, Multi-Stage Weight Promotion, Redundant Encoding and Carousel Shaping},
  journal = {IEEE Transactions on Computational Intelligence and AI in Games},
  year    = 2018,
  volume  = 10,
  number  = 1,
  pages   = {3--14}
}


@unpublished{Wies,
  author = {Georg Wiese},
  title  = {2048 Reinforcement Learning},
  note   = {\url{https://github.com/georgwiese/2048-rl}}
}


@unpublished{tjwei,
  author = {tjwei},
  title  = {A Deep Learning AI for 2048},
  note   = {\url{https://github.com/tjwei/2048-NN}}
}


@unpublished{samir,
  author = {Mostafa Samir},
  title  = {2048 Deep Recurrent Reinforcement Learning},
  note   = {\url{https://github.com/Mostafa-Samir/2048-RL-DRQN}}
}


@article{SHMG16,
  author  = {David Silver and Aja Huang and Chris J. Maddison and Arthur Guez and Laurent Sifre and George van den Driessche and Julian Schrittwieser and Ioannis Antonoglou and Veda Panneershelvam and Marc Lanctot and Sander Dieleman and Dominik Grewe and John Nham and Nal Kalchbrenner and Ilya Sutskever and Timothy Lillicrap and Madeleine Leach and Koray Kavukcuoglu and Thore Graepel and Demis Hassabis},
  title   = {Mastering the game of {Go} with deep neural networks and tree search},
  journal = {Nature},
  year    = 2016,
  volume  = 529,
  number  = 7587,
  pages   = {484--489}
}


@article{SSSA17,
  author  = {David Silver and Julian Schrittwieser and Karen Simonyan and Ioannis Antonoglou and Aja Huang and Arthur Guez and Thomas Hubert and Lucas Baker and Matthew Lai and Adrian Bolton and Yutian Chen and Timothy Lillicrap and Fan Hui and Laurent Sifre and George van den Driessche and Thore Graepel and Demis Hassabis},
  title   = {Mastering the game of {Go} without human knowledge},
  journal = {Nature},
  year    = 2017,
  volume  = 550,
  pages   = {354--359}
}


@article{SHSA18,
  author  = {David Silver and Thomas Hubert and Julian Schrittwieser and Ioannis Antonoglou and Matthew Lai and Arthur Guez and Marc Lanctot and Laurent Sifre and Dharshan Kumaran and Thore Graepel and Timothy Lillicrap and Karen Simonyan and Demis Hassabis},
  title   = {A General Reinforcement Learning Algorithm that Masters Chess, Shogi, and Go through Self-play},
  journal = {Science},
  year    = 2018,
  volume  = 362,
  number  = 6419,
  pages   = {1140--1144}
}


@mastersthesis{Lai15,
  author = {Matthew Lai},
  title  = {Giraffe: Using Deep Reinforcement Learning to Play Chess},
  school = {Imperial College London},
  year   = 2015,
  note   = {arXiv:1509.01549v1}
}


@inproceedings{DaNW16,
  author    = {Omid E. David and Nathan S. Netanyahu and Lior Wolf},
  title     = {DeepChess: End-to-End Deep Neural Network for Automatic Learning in {Chess}},
  booktitle = {International Conference on Artificial Neural Networks and Machine Learning (ICANN 2016)},
  year      = 2016,
  pages     = {88-96}
}


@article{YCRF15,
  author  = {Nikolai Yakovenko and Liangliang Cao and Colin Raffel and James Fan},
  title   = {Poker-CNN: A Pattern Learning Strategy for Making Draws and Bets in Poker Games},
  journal = {arXiv},
  year    = 2015,
  volume  = {1509.06731}
}



@article{MSBL17,
  author  = {Matej Moravc{\'{\i}}k and
             Martin Schmid and
             Neil Burch and
             Viliam Lis{\'{y}} and
             Dustin Morrill and
             Nolan Bard and
             Trevor Davis and
             Kevin Waugh and
             Michael Johanson and
             Michael H. Bowling},
  title   = {DeepStack: Expert-level artificial intelligence in heads-up no-limit poker},
  journal = {Science},
  year    = 2017,
  volume  = 356,
  number  = 6337,
  pages   = {508--513}
}


@misc{GuWu18,
  author = {Hong Guei and I-C. Wu},
  title  = {personal communication},
  year   = 2018
}


@inproceedings{BoSu16,
  author    = {Tuponja Boris and \v{S}ukovi\'c Goran},
  title     = {Evolving Neural Network to Play Game 2048},
  booktitle = {Proceedings of 24th Telecommunications forum (TELFOR 2016)},
  year      = 2016,
  publisher = {IEEE}
}


@misc{DeAm,
  author       = {Antoine Dedieu and Jonathan Amar},
  title        = {Deep Reinforcement Learning for 2048},
  howpublished = {\url{http://www.mit.edu/~amarj/files/2048.pdf}},
  year         = 2017
}



@misc{ARSV18,
  author       = {Karl Allik and Raul-Martin Rebane and Robert Sepp and Lembit Valgma},
  title        = {2048 Report},
  howpublished = {https://neuro.cs.ut.ee/wp-content/uploads/2018/02/alphago.pdf},
  year         = 2018
}


@misc{Vird18,
  author       = {Navjinder Virdee},
  title        = {Trained A Convolutional Neural Network To Play 2048 using Deep-Reinforcement Learning},
  howpublished = {https://github.com/navjindervirdee/2048-deep-reinforcement-learning},
  year         = 2018
}



@misc{Down14,
  author       = {John Downey},
  title        = {Evolving Neural Networks to Play 2048},
  howpublished = {\url{https://www.youtube.com/watch?v=jsVnuw5Bv0s}},
  year         = 2014
}


@inproceedings{MaTe18,
  author    = {Kiminori Matsuzaki and Madoka Teramura},
  title     = {Interpreting Neural-Network Players for Game 2048},
  booktitle = {Proceedings of The 2018 Conference on Technologies and Applications of Artificial Intelligence (TAAI 2018)},
  year      = 2018,
  pages     = {136--141}
}


@inproceedings{Mats18a,
  author    = {Kiminori Matsuzaki},
  title     = {Semi-Greedy Reinforcement Learning Algorithms for 2048},
  booktitle = {Proceedings of 59th Programming Symposium},
  year      = 2018,
  pages     = {105--117},
  annote    = {in Japanese}
}


@inproceedings{KoMa18a,
  author    = {Naoki Kondo and Kiminori Matsuzaki},
  title     = {Developing a Neural-Network-based Player for 2048},
  booktitle = {Proceedings of 59th Programming Symposium},
  year      = 2018,
  pages     = {95--104},
  note      = {in Japanese}
}


@inproceedings{adam,
  author    = {Diederik P. Kingma and Jimmy Ba},
  title     = {Adam: A Method for Stochastic Optimization},
  booktitle = {Proceedings of the 3rd International Conference on Learning Representations (ICLR)},
  year      = 2015
}



@inproceedings{FuMa17,
  author    = {Ryuki Fujita and Kiminori Matsuzaki},
  title     = {Improving 2048 Player with Supervised Learning},
  booktitle = {Proceedings of 6th International Symposium on Frontier Technology},
  year      = 2017,
  pages     = {353--357}
}


@article{KoMa19,
  author  = {Naoki Kondo and Kiminori Matsuzaki},
  title   = {Playing Game 2048 with Deep Convolutional Neural Networks Trained by Supervised Learning},
  journal = {Journal of Information Processing},
  year    = 2019,
  volume  = 27,
  pages   = {340--347}
}



@inproceedings{Mats19,
  author    = {Kiminori Matsuzaki},
  title     = {A Further Investigation of Neural Network Players for Game 2048},
  booktitle = {Proceedings of Sixteenth International Conference
               on Advances in Computer Games (ACG2019)},
  year      = 2019,
  note      = {Submitted to final publication.}
}


@article{LKYL20,
  author  = {Junjie Li and Sotetsu Koyamada and Qiwei Ye and Guoqing Liu and Chao Wang and Ruihan Yang and Li Zhao and Tao Qin and Tie-Yan Liu and Hsiao-Wuen Hon},
  title   = {{Suphx}: Mastering {Mahjong} with Deep Reinforcement Learning},
  journal = {arXiv},
  year    = 2020,
  volume  = {2003.13590 [cs.AI]}
}


@unpublished{Adam18,
  author = {Michal Adamkiewicz},
  title  = {{Q}-learning for 2048: Exploring combinations of reinforcement learning and game tree search},
  note   = {\url{http://web.stanford.edu/class/archive/cs/cs221/cs221.1192/2018/restricted/posters/mikadam/poster.pdf}},
  year   = 2018
}


@unpublished{QiTZ19,
  author = {Rui Qiu and Yanpei Tian and and Yulian Zhou},
  title  = {The 2048 Challenge},
  note   = {\url{https://stanford-cs221.github.io/autumn2019-extra/posters/4.pdf}},
  year   = 2019
}


@unpublished{JiWZ17,
  author = {Yu Ji and Chao Wang and Shuying Zhang},
  title  = {Designing an {AI} Agent for Game 2048},
  note   = {\url{http://web.stanford.edu/class/archive/cs/cs221/cs221.1192/2018/restricted/posters/cwang17/poster.pdf}},
  year   = 2018
}


@unpublished{Goga18,
  author = {Adri\'{a}n Goga},
  title  = {Reinforcement learning in 2048 game},
  note   = {Bachelor thesis of Faculty of Mathematics, Physics and Informatics, Comenius University in Bratislava},
  year   = 2018
}


@article{GuWW20,
  author  = {Hung Guei and Ting-Han Wei and I-Chen Wu},
  title   = {2048-like games for teaching reinforcement learning},
  journal = {ICGA Journal},
  year    = 2020,
  volume  = 42,
  number  = 1,
  pages   = {14--37}
}


@inproceedings{NaKa19,
  author    = {Taichi Nakayashiki and Tomoyuki Kaneko},
  title     = {A Survey on {AlphaZero} Algorithm through Dobutsu Shogi},
  booktitle = {24th Game Programming Workshop (GPW-19)},
  year      = 2019,
  pages     = {86--93},
  note      = {in Japanese}
}


@inproceedings{TBTT22,
  author    = {Satoshi Tanaka and Fran{\c{c}}ois Bonnet and S{\'e}bastien Tixeuil and Yasumasa Tamura},
  title     = {Quixo is Solved},
  booktitle = {17th International Conference on Advances in Computer Games (ACG 2021)},
  year      = 2022,
  pages     = {85--95},
  publisher = {Springer International Publishing}
}


@article{Tana09,
  author  = {Tetsuro Tanaka},
  title   = {An Analysis of a Board Game ``Doubutsu Shogi''},
  journal = {IPSJ SIG Technical Reports},
  year    = 2009,
  volume  = {2009-GI-22},
  number  = 3,
  note    = {in Japanese}
}


@inproceedings{Stur19,
  author    = {Nathan R. Sturtevant},
  title     = {On Strongly Solving {Chinese} {Checkers}},
  booktitle = {16th International Conference on Advances in {Computer} {Games} (ACG 2019)},
  year      = 2020,
  pages     = {155--166},
  publisher = {Springer International Publishing}
}


@inproceedings{CoG22,
  author    = {Weikai Wang and Kiminori Matsuzaki},
  title     = {Improving {DNN}-based 2048 Players with Global Embedding},
  booktitle = {2022 IEEE Conference on Games (CoG2022)},
  year      = 2022,
  pages     = {628--631}
}


@inproceedings{YaKa23J,
  author    = {山下 修平 and 金子 知適},
  title     = {4 × 3盤面の2048の完全解析},
  booktitle = {第28回ゲームプログラミングワークショップ (GPW-23)},
  year      = 2023,
  pages     = {1--5}
}
